
@inproceedings{bess2011input,
  title = {Input-{{Output}} Models for Impact Analysis: Suggestions for Practitioners Using {{RIMS II}} Multipliers},
  booktitle = {50th {{Southern Regional Science Association Conference}}},
  publisher = {{Southern Regional Science Association Morgantown, WV}},
  author = {Bess, Rebecca and Ambargis, Zo{\"e} O and {others}},
  year = {2011},
  pages = {23-27}
}

@incollection{robinson2006macro,
  title = {Macro Models and Multipliers: {{Leontief}}, {{Stone}}, {{Keynes}}, and {{CGE}} Models},
  booktitle = {Poverty, {{Inequality}} and {{Development}}},
  publisher = {{Springer}},
  author = {Robinson, Sherman},
  year = {2006},
  pages = {205-232}
}

@phdthesis{e2001environmental,
  title = {Environmental {{Input}}-{{Output Analysis}}: {{Application}} to {{Portugal}}},
  school = {Citeseer},
  author = {{e Silva}, Marta Alexandra Sousa},
  year = {2001}
}

@article{wilting2008investigating,
  title = {Investigating New Technologies in a Scenario Context: Description and Application of an Input--Output Method},
  volume = {16},
  number = {1},
  journal = {Journal of cleaner production},
  author = {Wilting, Harry C and Faber, Albert and Idenburg, Annemarth M},
  year = {2008},
  pages = {S102-S112},
  file = {/home/simon/Dokumente/Master/master_thesis/literature/wilting2008investigating.pdf}
}

@book{proops2012reducing,
  title = {Reducing {{CO2 Emissions}}: {{A Comparative Input}}-Output-Study for {{Germany}} and the {{UK}}},
  publisher = {{Springer Science \& Business Media}},
  author = {Proops, John LR and Faber, Malte and Wagenhals, Gerhard},
  year = {2012}
}

@inproceedings{ahmed2007comparison,
  title = {A Comparison of {{RAS}} and Entropy Methods in Updating {{IO}} Tables},
  booktitle = {American {{Agricultural Economics Association}}, 2007 {{Annual Meeting}}},
  author = {Ahmed, Syud Amer and Preckel, Paul V and {others}},
  year = {2007},
  pages = {1-20}
}

@article{rose1984technological,
  title = {Technological Change and Input-Output Analysis: {{An}} Appraisal},
  volume = {18},
  number = {5},
  journal = {Socio-Economic Planning Sciences},
  author = {Rose, Adam},
  year = {1984},
  pages = {305-318}
}

@article{hoekstra2006environmental,
  title = {Environmental Responsibility and Policy in a Two-Country Dynamic Input--Output Model},
  volume = {18},
  number = {1},
  journal = {Economic Systems Research},
  author = {Hoekstra, Rutger and Janssen, Marco A},
  year = {2006},
  pages = {61-84},
  file = {/home/simon/Dokumente/Master/master_thesis/literature/hoekstra2006environmental.pdf}
}

@article{wiedmann2007examining,
  title = {Examining the Global Environmental Impact of Regional Consumption Activities\textemdash{}{{Part}} 2: {{Review}} of Input--Output Models for the Assessment of Environmental Impacts Embodied in Trade},
  volume = {61},
  number = {1},
  journal = {Ecological economics},
  author = {Wiedmann, Thomas and Lenzen, Manfred and Turner, Karen and Barrett, John},
  year = {2007},
  pages = {15-26}
}

@article{turner2007examining,
  title = {Examining the Global Environmental Impact of Regional Consumption Activities\textemdash{}part 1: A Technical Note on Combining Input--Output and Ecological Footprint Analysis},
  volume = {62},
  number = {1},
  journal = {Ecological Economics},
  author = {Turner, Karen and Lenzen, Manfred and Wiedmann, Thomas and Barrett, John},
  year = {2007},
  pages = {37-44}
}

@article{wiedmann2011quo,
  title = {Quo {{Vadis MRIO}}? {{Methodological}}, Data and Institutional Requirements for Multi-Region Input--Output Analysis},
  volume = {70},
  number = {11},
  journal = {Ecological Economics},
  author = {Wiedmann, Thomas and Wilting, Harry C and Lenzen, Manfred and Lutter, Stephan and Palm, Viveka},
  year = {2011},
  pages = {1937-1945}
}

@article{wiedmann2010carbon,
  title = {A Carbon Footprint Time Series of the {{UK}}--Results from a Multi-Region Input--Output Model},
  volume = {22},
  number = {1},
  journal = {Economic systems research},
  author = {Wiedmann, Thomas and Wood, Richard and Minx, Jan C and Lenzen, Manfred and Guan, Dabo and Harris, Rocky},
  year = {2010},
  pages = {19-42}
}

@article{lenzen2007forecasting,
  title = {Forecasting the {{Ecological Footprint}} of {{Nations}}: A Blueprint for a Dynamic Approach},
  volume = {7},
  number = {01},
  journal = {ISA Research Paper},
  author = {Lenzen, M and Wiedmann, T and Foran, B and Dey, Ch and Widmer-Cooper, A and Williams, M and Ohlem{\"u}ller, R},
  year = {2007}
}

@article{faber2007exploring,
  title = {Exploring Techno-Economic Scenarios in an Input--Output Model},
  volume = {39},
  number = {1},
  journal = {Futures},
  author = {Faber, A and Idenburg, AM and Wilting, HC},
  year = {2007},
  pages = {16-37}
}

@article{nakicenovic2000special,
  title = {Special Report on Emissions Scenarios},
  volume = {1},
  journal = {Special Report on Emissions Scenarios, Edited by Nebojsa Nakicenovic and Robert Swart, pp. 612. ISBN 0521804930. Cambridge, UK: Cambridge University Press, July 2000.},
  author = {Nakicenovic, Nebojsa and Swart, Robert},
  year = {2000}
}

@article{unfccc_adoption_2015,
  title = {Adoption of the {{Paris Agreement}}. {{Report No}}. {{FCCC}}/{{CP}}/2015/{{L}}.9/{{Rev}}.1},
  author = {UNFCCC},
  year = {2015}
}

@article{bmub_klimaschutzbericht_2016,
  title = {Klimaschutzbericht 2016},
  author = {BMUB},
  year = {2016}
}

@article{moss2010next,
  title = {The next Generation of Scenarios for Climate Change Research and Assessment},
  volume = {463},
  number = {7282},
  journal = {Nature},
  author = {Moss, Richard H and Edmonds, Jae A and Hibbard, Kathy A and Manning, Martin R and Rose, Steven K and Van Vuuren, Detlef P and Carter, Timothy R and Emori, Seita and Kainuma, Mikiko and Kram, Tom and {others}},
  year = {2010},
  pages = {747-756}
}

@article{hallegatte2009strategies,
  title = {Strategies to Adapt to an Uncertain Climate Change},
  volume = {19},
  number = {2},
  journal = {Global environmental change},
  author = {Hallegatte, St{\'e}phane},
  year = {2009},
  pages = {240-247}
}

@article{hallegatte2009strategies,
  title = {Strategies to Adapt to an Uncertain Climate Change},
  volume = {19},
  number = {2},
  journal = {Global environmental change},
  author = {Hallegatte, St{\'e}phane},
  year = {2009},
  pages = {240-247}
}

@article{loulou2008etsap,
  title = {{{ETSAP}}-{{TIAM}}: The {{TIMES}} Integrated Assessment Model {{Part I}}: {{Model}} Structure},
  volume = {5},
  number = {1-2},
  journal = {Computational Management Science},
  author = {Loulou, Richard and Labriet, Maryse},
  year = {2008},
  pages = {7-40},
  annote = {alternative model approach}
}

@article{timmer2015illustrated,
  title = {An Illustrated User Guide to the World Input--Output Database: The Case of Global Automotive Production},
  volume = {23},
  number = {3},
  journal = {Review of International Economics},
  author = {Timmer, Marcel P and Dietzenbacher, Erik and Los, Bart and Stehrer, Robert and Vries, Gaaitzen J},
  year = {2015},
  pages = {575-605}
}

@incollection{forster2007changes,
  title = {Changes in Atmospheric Constituents and in Radiative Forcing. {{Chapter}} 2},
  booktitle = {Climate {{Change}} 2007. {{The Physical Science Basis}}},
  author = {Forster, Piers and Ramaswamy, Venkatachalam and Artaxo, Paulo and Berntsen, Terje and Betts, Richard and Fahey, David W and Haywood, James and Lean, Judith and Lowe, David C and Myhre, Gunnar and {others}},
  year = {2007}
}

@article{myhre2013anthropogenic,
  title = {Anthropogenic and Natural Radiative Forcing},
  volume = {423},
  journal = {Climate change},
  author = {Myhre, Gunnar and Shindell, Drew and Br{\'e}on, Fran\c{}cois-Marie and Collins, William and Fuglestvedt, Jan and Huang, Jianping and Koch, Dorothy and Lamarque, Jean-Fran\c{}cois and Lee, David and Mendoza, Blanca and {others}},
  year = {2013}
}

@article{biesbroek2010europe,
  title = {Europe Adapts to Climate Change: Comparing National Adaptation Strategies},
  volume = {20},
  number = {3},
  journal = {Global environmental change},
  author = {Biesbroek, G Robbert and Swart, Rob J and Carter, Timothy R and Cowan, Caroline and Henrichs, Thomas and Mela, Hanna and Morecroft, Michael D and Rey, Daniela},
  year = {2010},
  pages = {440-450}
}

@article{guan2008drivers,
  title = {The Drivers of {{Chinese CO}} 2 Emissions from 1980 to 2030},
  volume = {18},
  number = {4},
  journal = {Global Environmental Change},
  author = {Guan, Dabo and Hubacek, Klaus and Weber, Christopher L and Peters, Glen P. and Reiner, David M},
  year = {2008},
  pages = {626-634},
  file = {/home/simon/Dokumente/Master/master_thesis/literature/guan2008drivers}
}

@article{peters2011growth,
  title = {Growth in Emission Transfers via International Trade from 1990 to 2008},
  volume = {108},
  number = {21},
  journal = {Proceedings of the National Academy of Sciences},
  author = {Peters, Glen P. and Minx, Jan C and Weber, Christopher L and Edenhofer, Ottmar},
  year = {2011},
  pages = {8903-8908}
}

@article{kanemoto2014international,
  title = {International Trade Undermines National Emission Reduction Targets: {{New}} Evidence from Air Pollution},
  volume = {24},
  journal = {Global Environmental Change},
  author = {Kanemoto, Keiichiro and Moran, Daniel and Lenzen, Manfred and Geschke, Arne},
  year = {2014},
  pages = {52-59}
}

@book{intergovernmental2014climate,
  title = {Climate {{Change}} 2014--{{Impacts}}, {{Adaptation}} and {{Vulnerability}}: {{Regional Aspects}}},
  publisher = {{Cambridge University Press}},
  author = {IPCC},
  year = {2014}
}

@book{weyant1996integrated,
  title = {Integrated Assessment of Climate Change: An Overview and Comparison of Approaches and Results},
  publisher = {{Cambridge University Press, Cambridge, United Kingdom and New York, NY, USA}},
  author = {Weyant, John and Davidson, O and Dowlabathi, H and Edmonds, J and Grubb, M and Parson, EA and Richels, R and Rotmans, J and Shukla, PR and Tol, RSJ and {others}},
  year = {1996}
}

@article{nordhaus1996regional,
  title = {A Regional Dynamic General-Equilibrium Model of Alternative Climate-Change Strategies},
  journal = {The American Economic Review},
  author = {Nordhaus, William D and Yang, Zili},
  year = {1996},
  pages = {741-765}
}

@article{ackerman2009limitations,
  title = {Limitations of Integrated Assessment Models of Climate Change},
  volume = {95},
  number = {3},
  journal = {Climatic change},
  author = {Ackerman, Frank and DeCanio, Stephen J and Howarth, Richard B and Sheeran, Kristen},
  year = {2009},
  pages = {297-315}
}

@article{pindyck2013climate,
  title = {Climate Change Policy: {{What}} Do the Models Tell Us?},
  volume = {51},
  number = {3},
  journal = {Journal of Economic Literature},
  author = {Pindyck, Robert S},
  year = {2013},
  pages = {860-872}
}

@article{de2016scenarios,
  title = {Scenarios for a 2 {{C}} World: A Trade-Linked Input--Output Model with High Sector Detail},
  volume = {16},
  number = {3},
  journal = {Climate Policy},
  author = {De Koning, Arjan and Huppes, Gjalt and Deetman, Sebastiaan and Tukker, Arnold},
  year = {2016},
  pages = {301-317},
  file = {/home/simon/Dokumente/Master/master_thesis/literature/de2016scenarios}
}

@article{mahajan1979innovation,
  title = {Innovation Diffusion and New Product Growth Models in Marketing},
  journal = {The Journal of Marketing},
  author = {Mahajan, Vijay and Muller, Eitan},
  year = {1979},
  pages = {55-68}
}

@book{miller2009input,
  title = {Input-Output Analysis: Foundations and Extensions},
  publisher = {{Cambridge University Press}},
  author = {Miller, Ronald E and Blair, Peter D},
  year = {2009},
  file = {/home/simon/Dokumente/Master/master_thesis/literature/miller2009input}
}

@incollection{pauliuk2016prospective,
  title = {Prospective {{Models}} of {{Society}}'s {{Future Metabolism}}: {{What Industrial Ecology Has}} to {{Contribute}}},
  booktitle = {Taking Stock of Industrial Ecology},
  publisher = {{Springer}},
  author = {Pauliuk, Stefan and Hertwich, Edgar G},
  year = {2016},
  pages = {21-43}
}

@article{wiedmann2009review,
  title = {A Review of Recent Multi-Region Input--Output Models Used for Consumption-Based Emission and Resource Accounting},
  volume = {69},
  number = {2},
  journal = {Ecological Economics},
  author = {Wiedmann, Thomas},
  year = {2009},
  pages = {211-222},
  file = {/home/simon/Dokumente/Master/master_thesis/literature/Wiedmann - 2009 - A review of recent multi-region input--output mode}
}

@article{hertwich2015integrated,
  title = {Integrated Life-Cycle Assessment of Electricity-Supply Scenarios Confirms Global Environmental Benefit of Low-Carbon Technologies},
  volume = {112},
  number = {20},
  journal = {Proceedings of the National Academy of Sciences},
  author = {Hertwich, Edgar G and Gibon, Thomas and Bouman, Evert A and Arvesen, Anders and Suh, Sangwon and Heath, Garvin A and Bergesen, Joseph D and Ramirez, Andrea and Vega, Mabel I and Shi, Lei},
  year = {2015},
  pages = {6277-6282}
}

@article{wiedmann2008uncertainty,
  title = {Uncertainty Analysis of the {{UK}}-{{MRIO}} Model\textemdash{}results from a {{Monte}}-{{Carlo}} Analysis of the {{UK}} Multi-Region Input--Output Model ({{Embedded Emissions Indicator}})},
  journal = {Defra, London, UK},
  author = {Wiedmann, Thomas and Lenzen, M and Wood, R},
  year = {2008}
}

@article{lenzen2010uncertainty,
  title = {Uncertainty Analysis for Multi-Region Input--Output Models--a Case Study of the {{UK}}'s Carbon Footprint},
  volume = {22},
  number = {1},
  journal = {Economic Systems Research},
  author = {Lenzen, Manfred and Wood, Richard and Wiedmann, Thomas},
  year = {2010},
  pages = {43-63}
}

@article{tisserant2016matching,
  title = {Matching Global Cobalt Demand under Different Scenarios for Co-Production and Mining Attractiveness},
  volume = {5},
  number = {1},
  journal = {Journal of Economic Structures},
  author = {Tisserant, Alexandre and Pauliuk, Stefan},
  year = {2016},
  pages = {4}
}

@article{gibon2015methodology,
  title = {A Methodology for Integrated, Multiregional Life Cycle Assessment Scenarios under Large-Scale Technological Change},
  volume = {49},
  number = {18},
  journal = {Environmental science \& technology},
  author = {Gibon, Thomas and Wood, Richard and Arvesen, Anders and Bergesen, Joseph D and Suh, Sangwon and Hertwich, Edgar G},
  year = {2015},
  pages = {11218-11226},
  file = {/home/simon/Dokumente/Master/master_thesis/literature/gibon2015methodology.pdf}
}

@article{bundeskabinett2016klimaschutzplan,
  title = {Klimaschutzplan 2050-{{Klimaschutzpolitische Grunds{\"a}tze}} Und {{Ziele}} Der {{Bundesregierung}}},
  author = {Bundeskabinett, Beschluss},
  year = {2016}
}

@article{wilting2012sensitivity,
  title = {Sensitivity and Uncertainty Analysis in Mrio Modelling; Some Empirical Results with Regard to the Dutch Carbon Footprint},
  volume = {24},
  number = {2},
  journal = {Economic Systems Research},
  author = {Wilting, Harry C},
  year = {2012},
  pages = {141-171}
}

@article{sonis1992coefficient,
  title = {Coefficient Change in Input--Output Models: Theory and Applications},
  volume = {4},
  number = {2},
  journal = {Economic Systems Research},
  author = {Sonis, Michael and Hewings, Geoffrey JD},
  year = {1992},
  pages = {143-158}
}

@article{peters2007efficient,
  title = {Efficient Algorithms for Life Cycle Assessment, Input-Output Analysis, and {{Monte}}-{{Carlo}} Analysis},
  volume = {12},
  number = {6},
  journal = {The International Journal of Life Cycle Assessment},
  author = {Peters, Glen P.},
  year = {2007},
  pages = {373-380}
}

@article{edens2015method,
  title = {A {{Method}} to {{Create Carbon Footprint Estimates Consistent}} with {{National Accounts}}},
  volume = {27},
  number = {4},
  journal = {Economic Systems Research},
  author = {Edens, Bram and Hoekstra, Rutger and Zult, Daan and Lemmers, Oscar and Wilting, Harry and Wu, Ronghao},
  year = {2015},
  pages = {440-457}
}

@article{hoekstra2014reducing,
  title = {Reducing the Variation of Environmental Footprint Estimates Based on Multiregional Input--Output Databases},
  volume = {5},
  number = {3},
  journal = {Sustainability Accounting, Management and Policy Journal},
  author = {Hoekstra, Rutger and Edens, Bram and Zult, Daan and Wilting, Harry},
  year = {2014},
  pages = {325-345}
}

@article{lenzen2009matrix,
  title = {Matrix Balancing under Conflicting Information},
  volume = {21},
  number = {1},
  journal = {Economic Systems Research},
  author = {Lenzen, Manfred and Gallego, Blanca and Wood, Richard},
  year = {2009},
  pages = {23-44}
}

@article{junius2003solution,
  title = {The Solution of Updating or Regionalizing a Matrix with Both Positive and Negative Entries},
  volume = {15},
  number = {1},
  journal = {Economic Systems Research},
  author = {Junius, Theo and Oosterhaven, Jan},
  year = {2003},
  pages = {87-96}
}

@article{daly2015indirect,
  title = {Indirect {{CO2}} Emission Implications of Energy System Pathways: Linking {{IO}} and {{TIMES}} Models for the {{UK}}},
  volume = {49},
  number = {17},
  journal = {Environmental science \& technology},
  author = {Daly, Hannah E and Scott, Kate and Strachan, Neil and Barrett, John},
  year = {2015},
  pages = {10701-10709},
  file = {/home/simon/Dokumente/Master/master_thesis/literature/Daly_Indirect CO2 Emission Implications - Linking IO and TIMES.pdf}
}

@article{igos2015combination,
  title = {Combination of Equilibrium Models and Hybrid Life Cycle-Input--Output Analysis to Predict the Environmental Impacts of Energy Policy Scenarios},
  volume = {145},
  journal = {Applied Energy},
  author = {Igos, Elorri and Rugani, Benedetto and Rege, Sameer and Benetto, Enrico and Drouet, Laurent and Zachary, Daniel S},
  year = {2015},
  pages = {234-245}
}

@article{stocker2011sustainable,
  title = {Sustainable Energy Development in {{Austria}} until 2020: {{Insights}} from Applying the Integrated Model ``E3. At''},
  volume = {39},
  number = {10},
  journal = {Energy policy},
  author = {Stocker, Andrea and Gro{\ss}mann, Anett and Madlener, Reinhard and Wolter, Marc Ingo},
  year = {2011},
  pages = {6082-6099}
}

@article{majeau2016balance,
  title = {Balance Issues in Input--Output Analysis: {{A}} Comment on Physical Inhomogeneity, Aggregation Bias, and Coproduction},
  volume = {126},
  journal = {Ecological Economics},
  author = {Majeau-Bettez, Guillaume and Pauliuk, Stefan and Wood, Richard and Bouman, Evert A and Str{\o}mman, Anders Hammer},
  year = {2016},
  pages = {188-197}
}

@article{liang2007multi,
  title = {Multi-Regional Input--Output Model for Regional Energy Requirements and {{CO}} 2 Emissions in {{China}}},
  volume = {35},
  number = {3},
  journal = {Energy Policy},
  author = {Liang, Qiao-Mei and Fan, Ying and Wei, Yi-Ming},
  year = {2007},
  pages = {1685-1700},
  file = {/home/simon/Dokumente/Master/master_thesis/literature/liang2007multi.pdf}
}

@inproceedings{weber2008uncertainties,
  title = {Uncertainties in Constructing Environmental Multiregional Input-Output Models},
  booktitle = {International Input-Output Meeting on Managing the Environment},
  author = {Weber, Christopher L},
  year = {2008},
  pages = {1-31}
}

@article{wood2014global,
  title = {Global Sustainability Accounting\textemdash{}developing {{EXIOBASE}} for Multi-Regional Footprint Analysis},
  volume = {7},
  number = {1},
  journal = {Sustainability},
  author = {Wood, Richard and Stadler, Konstantin and Bulavskaya, Tatyana and Lutter, Stephan and Giljum, Stefan and {de Koning}, Arjan and Kuenen, Jeroen and Sch{\"u}tz, Helmut and Acosta-Fern{\'a}ndez, Jos{\'e} and Usubiaga, Arkaitz and {others}},
  year = {2014},
  pages = {138-163}
}

@article{longforecast,
  title = {How to Forecast the Future Input-Output Table?},
  author = {Long, Wen and Wang, Huiwen}
}

@article{energy2016world,
  title = {World {{Energy Outlook Special Report}}},
  journal = {Paris: International Energy Agency},
  author = {IEA},
  year = {2016}
}

@article{pauliuk2015general,
  title = {A General System Structure and Accounting Framework for Socioeconomic Metabolism},
  volume = {19},
  number = {5},
  journal = {Journal of Industrial Ecology},
  author = {Pauliuk, Stefan and Majeau-Bettez, Guillaume and M{\"u}ller, Daniel B},
  year = {2015},
  pages = {728-741}
}

@article{lugovoy2015bayesian,
  title = {Bayesian {{Updating}} of {{Input}}-{{Output Tables}}},
  author = {Lugovoy, Oleg and Polbin, Andrey and Potashnikov, Vladimir},
  year = {2015}
}

@article{heckelei2008bayesian,
  title = {A {{Bayesian}} Alternative to Generalized Cross Entropy Solutions for Underdetermined Econometric Models},
  volume = {2},
  journal = {Food and Resource Economics Discussion Paper},
  author = {Heckelei, Thomas and Mittelhammer, Ron and Jansson, Torbjoern and {others}},
  year = {2008}
}

@article{tukker2013exiopol,
  title = {{{EXIOPOL}}--Development and Illustrative Analyses of a Detailed Global {{MR EE SUT}}/{{IOT}}},
  volume = {25},
  number = {1},
  journal = {Economic Systems Research},
  author = {Tukker, Arnold and {de Koning}, Arjan and Wood, Richard and Hawkins, Troy and Lutter, Stephan and Acosta, Jose and Rueda Cantuche, Jose M and Bouwmeester, Maaike and Oosterhaven, Jan and Drosdowski, Thomas and {others}},
  year = {2013},
  pages = {50-70}
}

@article{owen2014structural,
  title = {A Structural Decomposition Approach to Comparing {{MRIO}} Databases},
  volume = {26},
  number = {3},
  journal = {Economic Systems Research},
  author = {Owen, Anne and Steen-Olsen, Kjartan and Barrett, John and Wiedmann, Thomas and Lenzen, Manfred},
  year = {2014},
  pages = {262-283}
}

@article{riahi2017shared,
  title = {The Shared Socioeconomic Pathways and Their Energy, Land Use, and Greenhouse Gas Emissions Implications: An Overview},
  volume = {42},
  journal = {Global Environmental Change},
  author = {Riahi, Keywan and Van Vuuren, Detlef P and Kriegler, Elmar and Edmonds, Jae and O'neill, Brian C and Fujimori, Shinichiro and Bauer, Nico and Calvin, Katherine and Dellink, Rob and Fricko, Oliver and {others}},
  year = {2017},
  pages = {153-168}
}

@article{barrett2012link,
  title = {Link between Climate Change Mitigation and Resource Efficiency: {{A UK}} Case Study},
  volume = {22},
  number = {1},
  journal = {Global Environmental Change},
  author = {Barrett, John and Scott, Kate},
  year = {2012},
  pages = {299-307},
  file = {/home/simon/Dokumente/Master/master_thesis/literature/barrett2012link.pdf}
}

@article{kronenberg2009impact,
  title = {The Impact of Demographic Change on Energy Use and Greenhouse Gas Emissions in {{Germany}}},
  volume = {68},
  number = {10},
  journal = {Ecological Economics},
  author = {Kronenberg, Tobias},
  year = {2009},
  pages = {2637-2645}
}

@article{ciarli2016quantitative,
  title = {Quantitative Analysis of Technology Futures: {{A}} Review of Techniques, Uses and Characteristics},
  volume = {43},
  number = {5},
  journal = {Science and Public Policy},
  author = {Ciarli, Tommaso and Coad, Alex and Rafols, Ismael},
  year = {2016},
  pages = {630-645}
}

@article{hoekstra2010articles,
  title = {Articles on Environmentally Extended Input$\square$ Output Analysis},
  author = {Hoekstra, Rutger},
  year = {2010}
}

@article{giljum2016identifying,
  title = {Identifying Priority Areas for {{European}} Resource Policies: A {{MRIO}}-Based Material Footprint Assessment},
  volume = {5},
  number = {1},
  journal = {Journal of Economic Structures},
  author = {Giljum, Stefan and Wieland, Hanspeter and Lutter, Stephan and Bruckner, Martin and Wood, Richard and Tukker, Arnold and Stadler, Konstantin},
  year = {2016},
  pages = {1-24}
}

@inproceedings{perobelli2007integrated,
  title = {An Integrated Econometric+ Input-Output Model for the {{Brazilian}} Economy: An Application to the Energy Sector},
  shorttitle = {An Integrated Econometric+ Input-Output Model for the {{Brazilian}} Economy},
  booktitle = {Ecomod2007: {{International Conference}} on {{Policy Modeling}}},
  author = {Perobelli, Fernando Salgueiro and de Mattos, RS and Haddad, Eduardo Amaral and Silva, Marcos Paulo Novaes},
  year = {2007},
  pages = {11--13},
  file = {/home/simon/.mozilla/firefox/p9s2akbd.default/zotero/storage/JAITJUKW/Perobelli et al. - 2007 - An integrated econometric+ input-output model for .pdf;/home/simon/.mozilla/firefox/p9s2akbd.default/zotero/storage/P8GFDBZK/Perobelli et al. - 2007 - An integrated econometric+ input-output model for .pdf}
}

@article{zivot2006vector,
  title = {Vector Autoregressive Models for Multivariate Time Series},
  journal = {Modeling Financial Time Series with S-PLUS\textregistered{}},
  author = {Zivot, Eric and Wang, Jiahui},
  year = {2006},
  pages = {385--429},
  file = {/home/simon/.mozilla/firefox/p9s2akbd.default/zotero/storage/5S73U3ZP/978-0-387-32348-0_11.html}
}

@article{rey2000integrated,
  title = {Integrated Regional Econometric+ Input-Output Modeling: {{Issues}} and Opportunities},
  volume = {79},
  shorttitle = {Integrated Regional Econometric+ Input-Output Modeling},
  number = {3},
  journal = {Papers in Regional science},
  author = {Rey, Sergio J.},
  year = {2000},
  pages = {271--292},
  file = {/home/simon/.mozilla/firefox/p9s2akbd.default/zotero/storage/EAP7RGKY/Rey - 2000 - Integrated regional econometric+ input-output mode;/home/simon/.mozilla/firefox/p9s2akbd.default/zotero/storage/23G3W55G/scholar.html}
}

@article{rey1997integrating,
  title = {Integrating {{Econometric}} and {{Input}}-{{Output Models}} in a {{Multiregional Context}}},
  volume = {28},
  number = {2},
  journal = {Growth and Change},
  author = {Rey, Sergio J. and Dev, Boris},
  year = {1997},
  pages = {222--243},
  file = {/home/simon/.mozilla/firefox/p9s2akbd.default/zotero/storage/DKSVELHK/Rey und Dev - 1997 - Integrating Econometric and Input-Output Models in;/home/simon/.mozilla/firefox/p9s2akbd.default/zotero/storage/P9IB2HUD/scholar.html}
}

@book{dejuan2017environmental,
  title = {Environmental and {{Economic Impacts}} of {{Decarbonization}}: {{Input}}-Output {{Studies}} on the {{Consequences}} of the 2015 {{Paris Agreements}}},
  shorttitle = {Environmental and {{Economic Impacts}} of {{Decarbonization}}},
  publisher = {{Routledge}},
  author = {Deju{\'a}n, {\'O}scar and Lenzen, Manfred and Cadarso, Maria {\'A}ngeles},
  year = {2017},
  file = {/home/simon/.mozilla/firefox/p9s2akbd.default/zotero/storage/PH4UKWPY/books.html}
}

@book{baranzini2015resources,
  title = {Resources, Production and Structural Dynamics},
  publisher = {{Cambridge University Press}},
  author = {Baranzini, Mauro L. and Rotondi, Claudia and Scazzieri, Roberto},
  year = {2015},
  file = {/home/simon/.mozilla/firefox/p9s2akbd.default/zotero/storage/GMMMS6YI/books.html}
}

@article{gillingham2013energy,
  title = {Energy Policy: {{The}} Rebound Effect Is Overplayed},
  volume = {493},
  shorttitle = {Energy Policy},
  number = {7433},
  journal = {Nature},
  author = {Gillingham, Kenneth and Kotchen, Matthew J. and Rapson, David S. and Wagner, Gernot},
  year = {2013},
  pages = {475--476},
  file = {/home/simon/.mozilla/firefox/p9s2akbd.default/zotero/storage/W8XAL88F/Gillingham et al. - 2013 - Energy policy The rebound effect is overplayed.pdf;/home/simon/.mozilla/firefox/p9s2akbd.default/zotero/storage/ZS49JKZB/493475a.html}
}

@article{cooper2016multimethod,
  title = {A Multi-Method Approach for Analysing the Potential Employment Impacts of Material Efficiency},
  volume = {109},
  journal = {Resources, Conservation and Recycling},
  author = {Cooper, Simone and Skelton, Alexandra CH and Owen, Anne and Densley-Tingley, Danielle and Allwood, Julian M.},
  year = {2016},
  pages = {54--66},
  file = {/home/simon/.mozilla/firefox/p9s2akbd.default/zotero/storage/A8CXJBJ8/S0921344915301415.html;/home/simon/.mozilla/firefox/p9s2akbd.default/zotero/storage/NXSC25WS/S0921344915301415.html}
}

@article{wiebe2016impact,
  title = {The Impact of Renewable Energy Diffusion on {{European}} Consumption-Based Emissions},
  volume = {28},
  number = {2},
  journal = {Economic Systems Research},
  author = {Wiebe, Kirsten S.},
  year = {2016},
  pages = {133--150},
  file = {/home/simon/.mozilla/firefox/p9s2akbd.default/zotero/storage/CDDGUXBI/Wiebe - 2016 - The impact of renewable energy diffusion on Europe.pdf;/home/simon/.mozilla/firefox/p9s2akbd.default/zotero/storage/TCPXMYB8/09535314.2015.html}
}

@article{armstrong2017forecasting,
  title = {Forecasting {{Methods}} and {{Principles}}: {{Evidence}}-{{Based Checklists}}},
  shorttitle = {Forecasting {{Methods}} and {{Principles}}},
  author = {Armstrong, J. Scott and Green, Kesten C.},
  year = {2017},
  file = {/home/simon/.mozilla/firefox/p9s2akbd.default/zotero/storage/FZTX4KD3/Armstrong und Green - 2017 - Forecasting Methods and Principles Evidence-Based.pdf;/home/simon/.mozilla/firefox/p9s2akbd.default/zotero/storage/XSTI63XJ/Armstrong und Green - 2017 - Forecasting Methods and Principles Evidence-Based.pdf}
}

@article{hyndman2008admissible,
  title = {The Admissible Parameter Space for Exponential Smoothing Models},
  volume = {60},
  number = {2},
  journal = {Annals of the Institute of Statistical Mathematics},
  author = {Hyndman, Rob J. and Akram, Muhammad and Archibald, Blyth C.},
  year = {2008},
  pages = {407--426},
  file = {/home/simon/Dokumente/Master/master_thesis/literature/hyndman2008admissible.pdf}
}

@article{hyndman2002state,
  title = {A State Space Framework for Automatic Forecasting Using Exponential Smoothing Methods},
  volume = {18},
  number = {3},
  journal = {International Journal of Forecasting},
  author = {Hyndman, Rob J. and Koehler, Anne B. and Snyder, Ralph D. and Grose, Simone},
  year = {2002},
  pages = {439--454},
  file = {/home/simon/.mozilla/firefox/p9s2akbd.default/zotero/storage/PWZBEHWS/Hyndman et al. - 2002 - A state space framework for automatic forecasting .pdf;/home/simon/.mozilla/firefox/p9s2akbd.default/zotero/storage/WEA2LIRZ/S0169207001001108.html}
}

@article{desilva2010vector,
  title = {The Vector Innovations Structural Time Series Framework: A Simple Approach to Multivariate Forecasting},
  volume = {10},
  shorttitle = {The Vector Innovations Structural Time Series Framework},
  number = {4},
  journal = {Statistical Modelling},
  author = {De Silva, Ashton and Hyndman, Rob J. and Snyder, Ralph},
  year = {2010},
  pages = {353--374},
  file = {/home/simon/.mozilla/firefox/p9s2akbd.default/zotero/storage/2VD7IPDU/De Silva et al. - 2010 - The vector innovations structural time series fram.pdf;/home/simon/.mozilla/firefox/p9s2akbd.default/zotero/storage/6BLLKN7S/1471082X0901000401.html}
}

@book{hyndman2008forecasting,
  title = {Forecasting with Exponential Smoothing: The State Space Approach},
  shorttitle = {Forecasting with Exponential Smoothing},
  publisher = {{Springer Science \& Business Media}},
  author = {Hyndman, Rob J. and Koehler, Anne B. and Ord, J. Keith and Snyder, Ralph D.},
  year = {2008},
  file = {/home/simon/.mozilla/firefox/p9s2akbd.default/zotero/storage/N3NPUYCJ/books.html}
}

@article{athanasopoulos2012multivariate,
  title = {Multivariate Exponential Smoothing for Forecasting Tourist Arrivals},
  volume = {51},
  number = {5},
  journal = {Journal of Travel Research},
  author = {Athanasopoulos, George and {de Silva}, Ashton},
  year = {2012},
  pages = {640--652},
  file = {/home/simon/Dokumente/Master/master_thesis/literature/athanasopoulos2012multivariate.pdf;/home/simon/.mozilla/firefox/p9s2akbd.default/zotero/storage/3AX4KLYH/0047287511434115.html;/home/simon/.mozilla/firefox/p9s2akbd.default/zotero/storage/Q5JWQWEI/0047287511434115.html}
}

@article{poloni2015note,
  title = {A Note on Forecasting Demand Using the Multivariate Exponential Smoothing Framework},
  volume = {162},
  journal = {International Journal of Production Economics},
  author = {Poloni, Federico and Sbrana, Giacomo},
  year = {2015},
  pages = {143--150},
  file = {/home/simon/.mozilla/firefox/p9s2akbd.default/zotero/storage/69TDVLUX/Poloni und Sbrana - 2015 - A note on forecasting demand using the multivariat.pdf;/home/simon/.mozilla/firefox/p9s2akbd.default/zotero/storage/FCB7GBPL/S0925527315000298.html}
}

@book{hyndman2007automatic,
  title = {Automatic Time Series for Forecasting: The Forecast Package for {{R}}},
  shorttitle = {Automatic Time Series for Forecasting},
  number = {6/07},
  publisher = {{Monash University, Department of Econometrics and Business Statistics}},
  author = {Hyndman, Rob J. and Khandakar, Yeasmin},
  year = {2007},
  file = {/home/simon/.mozilla/firefox/p9s2akbd.default/zotero/storage/UKLDUI24/Hyndman und Khandakar - 2007 - Automatic time series for forecasting the forecas.pdf;/home/simon/.mozilla/firefox/p9s2akbd.default/zotero/storage/WJU87L47/Hyndman und Khandakar - 2007 - Automatic time series for forecasting the forecas.pdf}
}

@book{chatfield2000timeseries,
  title = {Time-Series Forecasting},
  publisher = {{CRC Press}},
  author = {Chatfield, Chris},
  year = {2000},
  file = {/home/simon/.mozilla/firefox/p9s2akbd.default/zotero/storage/NZSI5WI9/Chatfield - 2000 - Time-series forecasting.pdf;/home/simon/.mozilla/firefox/p9s2akbd.default/zotero/storage/A2TCEF35/books.html}
}

@article{parikh1979forecasts,
  title = {Forecasts of Input-Output Matrices Using the {{RAS}} Method},
  journal = {The review of economics and statistics},
  author = {Parikh, Ashok},
  year = {1979},
  pages = {477--481},
  file = {/home/simon/.mozilla/firefox/p9s2akbd.default/zotero/storage/4L9MEQVX/1926084.html}
}

@article{tiebout1969empirical,
  title = {An Empirical Regional Input-Output Projection Model: The {{State}} of {{Washington}} 1980},
  shorttitle = {An Empirical Regional Input-Output Projection Model},
  journal = {The Review of Economics and Statistics},
  author = {Tiebout, Charles M.},
  year = {1969},
  pages = {334--340},
  file = {/home/simon/.mozilla/firefox/p9s2akbd.default/zotero/storage/JNP2CFDA/1926567.html}
}

@article{rey1963inputoutput,
  title = {Input-{{Output}} Forecasts for the {{Netherlands}}, 1949-1958},
  journal = {Econometrica: Journal of the Econometric Society},
  author = {Rey, Guido and Tilanus, Christian Bernhard},
  year = {1963},
  pages = {454--463},
  file = {/home/simon/.mozilla/firefox/p9s2akbd.default/zotero/storage/5SBHINUZ/1909986.html}
}

@article{tilanus1965information,
  title = {The Information Approach to the Evaluation of Input-Output Forecasts},
  journal = {Econometrica: Journal of the Econometric Society},
  author = {Tilanus, Christian Bernhard and Theil, Henri},
  year = {1965},
  pages = {847--862},
  file = {/home/simon/.mozilla/firefox/p9s2akbd.default/zotero/storage/A2KP685B/1910361.html}
}

@article{miernyk1968longrange,
  title = {Long-Range Forecasting with a Regional Input-Output Model},
  volume = {6},
  number = {3},
  journal = {Economic Inquiry},
  author = {Miernyk, William H.},
  year = {1968},
  pages = {165--176},
  file = {/home/simon/.mozilla/firefox/p9s2akbd.default/zotero/storage/PY497U98/Miernyk - 1968 - LONG-RANGE FORECASTING WITH A REGIONAL INPUT-OUTPU;/home/simon/Dokumente/Master/master_thesis/literature/miernyk1968longrange.pdf}
}

@article{hyndman2006another,
  title = {Another Look at Measures of Forecast Accuracy},
  volume = {22},
  number = {4},
  journal = {International journal of forecasting},
  author = {Hyndman, Rob J. and Koehler, Anne B.},
  year = {2006},
  pages = {679--688},
  file = {/home/simon/Dokumente/Master/master_thesis/literature/hyndman2006another.pdf;/home/simon/.mozilla/firefox/p9s2akbd.default/zotero/storage/PR6INWHQ/S0169207006000239.html}
}

@article{shang2017grouped,
  title = {Grouped Multivariate and Functional Time Series Forecasting: {{An}} Application to Annuity Pricing},
  volume = {75},
  shorttitle = {Grouped Multivariate and Functional Time Series Forecasting},
  journal = {Insurance: Mathematics and Economics},
  author = {Shang, Han Lin and Haberman, Steven},
  year = {2017},
  pages = {166--179},
  file = {/home/simon/.mozilla/firefox/p9s2akbd.default/zotero/storage/RKQJN5QJ/Shang und Haberman - 2017 - Grouped multivariate and functional time series fo.pdf;/home/simon/.mozilla/firefox/p9s2akbd.default/zotero/storage/9R8SUDLZ/S016766871630484X.html}
}

@article{hyndman2005prediction,
  title = {Prediction Intervals for Exponential Smoothing Using Two New Classes of State Space Models},
  volume = {24},
  number = {1},
  journal = {Journal of Forecasting},
  author = {Hyndman, Rob J. and Koehler, Anne B. and Ord, J. Keith and Snyder, Ralph D.},
  year = {2005},
  pages = {17--37},
  file = {/home/simon/.mozilla/firefox/p9s2akbd.default/zotero/storage/4ERXZNM2/Hyndman et al. - 2005 - Prediction intervals for exponential smoothing usi;/home/simon/.mozilla/firefox/p9s2akbd.default/zotero/storage/EFAZQQ49/219182894.html}
}

@book{konishi2008information,
  title = {Information Criteria and Statistical Modeling},
  publisher = {{Springer Science \& Business Media}},
  author = {Konishi, Sadanori and Kitagawa, Genshiro},
  year = {2008},
  file = {/home/simon/.mozilla/firefox/p9s2akbd.default/zotero/storage/HV7AXQLA/books.html}
}

@article{shcherbakov2013survey,
  title = {A Survey of Forecast Error Measures},
  volume = {24},
  journal = {World Applied Sciences Journal},
  author = {Shcherbakov, Maxim Vladimirovich and Brebels, Adriaan and Shcherbakova, Nataliya Lvovna and Tyukov, Anton Pavlovich and Janovsky, Timur Alexandrovich and Kamaev, Valeriy Anatol'evich},
  year = {2013},
  pages = {171--176}
}

@article{wiebenowcasting,
  title = {Nowcasting {{OECD}} Indicators of Carbon Emissions Embodied in International Trade},
  author = {Wiebe, Kirsten S. and Yamano, Norihiko},
  file = {/home/simon/.mozilla/firefox/p9s2akbd.default/zotero/storage/8JR6J5KX/Wiebe und Yamano - Nowcasting OECD indicators of carbon emissions emb.pdf;/home/simon/.mozilla/firefox/p9s2akbd.default/zotero/storage/8X7ZW4NU/Wiebe und Yamano - Nowcasting OECD indicators of carbon emissions emb.pdf}
}

@article{rey1998performance,
  title = {The Performance of Alternative Integration Strategies for Combining Regional Econometric and Input-Output Models},
  volume = {21},
  number = {1},
  journal = {International Regional Science Review},
  author = {Rey, Sergio J.},
  year = {1998},
  pages = {1--35},
  file = {/home/simon/.mozilla/firefox/p9s2akbd.default/zotero/storage/CAX7JGKE/Rey - 1998 - The performance of alternative integration strateg.pdf;/home/simon/.mozilla/firefox/p9s2akbd.default/zotero/storage/37RJ26NP/016001769802100101.html}
}

@article{stadler2017exiobase,
  title = {{{EXIOBASE}} 3: {{Developing}} a {{Time Series}} of {{Detailed Environmentally Extended Multi}}-{{Regional Input}}-{{Output Tables}}},
  shorttitle = {{{EXIOBASE}} 3},
  journal = {Journal of Industrial Ecology},
  author = {Stadler, Konstantin and Wood, Richard and Bulavskaya, Tatyana and S{\"o}dersten, Carl-Johan and Simas, Moana and Schmidt, Sarah and Usubiaga, Arkaitz and Acosta-Fern{\'a}ndez, Jos{\'e} and Kuenen, Jeroen and Bruckner, Martin},
  year = {2017},
  file = {/home/simon/.mozilla/firefox/p9s2akbd.default/zotero/storage/QDMJH32L/Stadler et al. - 2017 - EXIOBASE 3 Developing a Time Series of Detailed E;/home/simon/Dokumente/Master/master_thesis/literature/stadler2017exiobase.pdf}
}

@article{gamakumara2017probabilistic,
  title = {Probabilistic {{Forecasts}} in {{Hierarchical Time Series}}},
  author = {Gamakumara, Puwasala and Hyndman, Rob J. and Athanasopoulos, George and Panagiotelis, Anastasios},
  year = {2017},
  file = {/home/simon/.mozilla/firefox/p9s2akbd.default/zotero/storage/EFPPJHTS/Gamakumara et al. - 2017 - Probabilistic Forecasts in Hierarchical Time Serie.pdf;/home/simon/.mozilla/firefox/p9s2akbd.default/zotero/storage/HPUALH5G/Gamakumara et al. - 2017 - Probabilistic Forecasts in Hierarchical Time Serie.pdf}
}

@inproceedings{taieb2017coherent,
  title = {Coherent Probabilistic Forecasts for Hierarchical Time Series},
  booktitle = {International {{Conference}} on {{Machine Learning}}},
  author = {Taieb, Souhaib Ben and Taylor, James W. and Hyndman, Rob J.},
  year = {2017},
  pages = {3348--3357},
  file = {/home/simon/.mozilla/firefox/p9s2akbd.default/zotero/storage/C3Z5B6M5/Taieb et al. - 2017 - Coherent probabilistic forecasts for hierarchical .pdf;/home/simon/.mozilla/firefox/p9s2akbd.default/zotero/storage/IY8UAUKS/taieb17a.html}
}

@article{wickramasuriya2018optimal,
  title = {Optimal Forecast Reconciliation for Hierarchical and Grouped Time Series through Trace Minimization},
  journal = {American Statistical Association},
  author = {Wickramasuriya, Shanika L. and Athanasopoulos, George and Hyndman, Rob J.},
  year = {2018},
  file = {/home/simon/.mozilla/firefox/p9s2akbd.default/zotero/storage/4Y4XLDV2/Wickramasuriya et al. - 2017 - Optimal forecast reconciliation for hierarchical a.pdf;/home/simon/.mozilla/firefox/p9s2akbd.default/zotero/storage/DVMYN6F7/Wickramasuriya et al. - 2017 - Optimal forecast reconciliation for hierarchical a.pdf}
}

@article{igos2015combinationa,
  title = {Combination of Equilibrium Models and Hybrid Life Cycle-Input\textendash{}output Analysis to Predict the Environmental Impacts of Energy Policy Scenarios},
  volume = {145},
  journal = {Applied Energy},
  author = {Igos, Elorri and Rugani, Benedetto and Rege, Sameer and Benetto, Enrico and Drouet, Laurent and Zachary, Daniel S.},
  year = {2015},
  pages = {234--245},
  file = {/home/simon/.mozilla/firefox/p9s2akbd.default/zotero/storage/CJCRUV2P/Igos et al. - 2015 - Combination of equilibrium models and hybrid life .pdf;/home/simon/.mozilla/firefox/p9s2akbd.default/zotero/storage/6ZF4NE54/S0306261915001701.html}
}

@article{stocker2011sustainablea,
  title = {Sustainable Energy Development in {{Austria}} until 2020: {{Insights}} from Applying the Integrated Model ``E3. At''},
  volume = {39},
  shorttitle = {Sustainable Energy Development in {{Austria}} until 2020},
  number = {10},
  journal = {Energy policy},
  author = {Stocker, Andrea and {Gro$\backslash$s smann}, Anett and Madlener, Reinhard and Wolter, Marc Ingo},
  year = {2011},
  pages = {6082--6099},
  file = {/home/simon/.mozilla/firefox/p9s2akbd.default/zotero/storage/3MZKSS45/S0301421511005325.html;/home/simon/.mozilla/firefox/p9s2akbd.default/zotero/storage/8BGSAL6C/PMC3182315.html}
}

@book{leontief1986future,
  title = {The Future Impact of Automation on Workers},
  publisher = {{New York: Oxford University Press}},
  author = {Leontief, Wassily and Duchin, Faye},
  year = {1986},
  file = {/home/simon/.mozilla/firefox/p9s2akbd.default/zotero/storage/4PHLFDDE/books.html}
}

@article{allen1974experiments,
  title = {Some Experiments with the {{RAS}} Method of Updating Input\textendash{}output Coefficients},
  volume = {36},
  number = {3},
  journal = {Oxford Bulletin of Economics and Statistics},
  author = {Allen, Richard IG},
  year = {1974},
  pages = {215--228},
  file = {/home/simon/.mozilla/firefox/p9s2akbd.default/zotero/storage/NT67I7A4/Allen - 1974 - Some experiments with the RAS method of updating i;/home/simon/Dokumente/Master/master_thesis/literature/allen1974experiments.pdf;/home/simon/.mozilla/firefox/p9s2akbd.default/zotero/storage/NGM5E5S6/scholar.html}
}

@article{lenzen2013building,
  title = {Building {{Eora}}: A Global Multi-Region Input\textendash{}output Database at High Country and Sector Resolution},
  volume = {25},
  shorttitle = {Building {{Eora}}},
  number = {1},
  journal = {Economic Systems Research},
  author = {Lenzen, Manfred and Moran, Daniel and Kanemoto, Keiichiro and Geschke, Arne},
  year = {2013},
  pages = {20--49},
  file = {/home/simon/.mozilla/firefox/p9s2akbd.default/zotero/storage/P2SXSFPP/Lenzen et al. - 2013 - Building Eora a global multi-region input–output .pdf;/home/simon/.mozilla/firefox/p9s2akbd.default/zotero/storage/RFCF75RD/09535314.2013.html}
}

@article{tukker2018robust,
  title = {Towards Robust, Authoritative Assessments of Environmental Impacts Embodied in Trade: {{Current}} State and Recommendations},
  shorttitle = {Towards Robust, Authoritative Assessments of Environmental Impacts Embodied in Trade},
  journal = {Journal of Industrial Ecology},
  author = {Tukker, A. and {de Koning}, A. and Owen, A. and Lutter, S. and Bruckner, M. and Giljum, S. and Stadler, K. and Wood, R. and Hoekstra, R.},
  year = {2018},
  file = {/home/simon/Dokumente/Master/master_thesis/literature/tukker2018robust.pdf}
}

@book{hyndman2014forecasting,
  title = {Forecasting: Principles and Practice},
  shorttitle = {Forecasting},
  publisher = {{OTexts}},
  author = {Hyndman, Rob J. and Athanasopoulos, George},
  year = {2014},
  file = {/home/simon/.mozilla/firefox/p9s2akbd.default/zotero/storage/8AN99TWN/Hyndman und Athanasopoulos - 2014 - Forecasting principles and practice.pdf;/home/simon/.mozilla/firefox/p9s2akbd.default/zotero/storage/BVBM5WKN/books.html}
}

@book{oecd2017economic,
  address = {Paris},
  title = {Economic {{Outlook No}} 102 - {{November}} 2017},
  publisher = {{OECD}},
  author = {OECD},
  month = nov,
  year = {2017}
}

@article{borges2013evaluating,
  title = {Evaluating Combined Load Forecasting in Large Power Systems and Smart Grids},
  volume = {9},
  number = {3},
  journal = {IEEE Transactions on Industrial Informatics},
  author = {Borges, Cruz E. and Penya, Yoseba K. and Fernandez, Ivan},
  year = {2013},
  pages = {1570--1577},
  file = {/home/simon/.mozilla/firefox/p9s2akbd.default/zotero/storage/GD74PGRB/6307853.html;/home/simon/.mozilla/firefox/p9s2akbd.default/zotero/storage/LI6MTNMV/scholar.html}
}

@article{moon2012development,
  title = {The Development of a Hierarchical Forecasting Method for Predicting Spare Parts Demand in the {{South Korean Navy}}\textemdash{}{{A}} Case Study},
  volume = {140},
  number = {2},
  journal = {International Journal of Production Economics},
  author = {Moon, Seongmin and Hicks, Christian and Simpson, Andrew},
  year = {2012},
  pages = {794--802},
  file = {/home/simon/Dokumente/Master/master_thesis/literature/Moon et al. - 2012 - The development of a hierarchical forecasting meth.pdf;/home/simon/.mozilla/firefox/p9s2akbd.default/zotero/storage/4KVYH2MZ/S0925527312000709.html;/home/simon/.mozilla/firefox/p9s2akbd.default/zotero/storage/MTVPZH8U/scholar.html}
}

@article{athanasopoulos2009hierarchical,
  title = {Hierarchical Forecasts for {{Australian}} Domestic Tourism},
  volume = {25},
  number = {1},
  journal = {International Journal of Forecasting},
  author = {Athanasopoulos, George and Ahmed, Roman A. and Hyndman, Rob J.},
  year = {2009},
  pages = {146--166},
  file = {/home/simon/.mozilla/firefox/p9s2akbd.default/zotero/storage/3CVFTDXB/Athanasopoulos et al. - 2009 - Hierarchical forecasts for Australian domestic tou.pdf;/home/simon/.mozilla/firefox/p9s2akbd.default/zotero/storage/TNX9GFNB/S0169207008000691.html}
}

@inproceedings{idenburg2000dimitrib,
  title = {{{DIMITRI}}: A Dynamic Input-Output Model to Study the Impacts of Technology Related Innovations},
  shorttitle = {{{DIMITRI}}},
  booktitle = {{{XIII International Conference}} on {{Input}}-{{Output Techniques}}. {{University}} of {{Macerata}}, {{Italy}}, {{August}}},
  author = {Idenburg, Annemarth and Wilting, Harry},
  year = {2000},
  file = {/home/simon/.mozilla/firefox/p9s2akbd.default/zotero/storage/E6HUU7UG/Idenburg und Wilting - 2000 - DIMITRI a dynamic input-output model to study the.pdf;/home/simon/.mozilla/firefox/p9s2akbd.default/zotero/storage/V6XISECW/Idenburg und Wilting - 2000 - DIMITRI a dynamic input-output model to study the.pdf}
}

@article{leontief1936quantitative,
  title = {Quantitative Input and Output Relations in the Economic Systems of the {{United States}}},
  journal = {The review of economic statistics},
  author = {Leontief, Wassily},
  year = {1936},
  pages = {105--125},
  file = {/home/simon/.mozilla/firefox/p9s2akbd.default/zotero/storage/MJR7PM2I/1927837.html}
}

@article{statistischesbundesamt2010inputoutputrechnung,
  title = {Input-{{Output}}-{{Rechnung}} Im {{{\"U}berblick}}},
  journal = {Statistisches Bundesamt: Wiesbaden, Germany},
  author = {Statistisches Bundesamt},
  year = {2010}
}

@article{jensen1980concept,
  title = {The Concept of Accuracy in Regional Input-Output Models},
  volume = {5},
  number = {2},
  journal = {International Regional Science Review},
  author = {Jensen, Rodney C.},
  year = {1980},
  pages = {139--154},
  file = {/home/simon/.mozilla/firefox/p9s2akbd.default/zotero/storage/DDHC96B8/Jensen - 1980 - The concept of accuracy in regional input-output m.pdf;/home/simon/.mozilla/firefox/p9s2akbd.default/zotero/storage/AA9MLQGF/016001768000500203.html}
}

@article{mohr1987linear,
  title = {A Linear Programming Approach to Solving Infeasible {{RAS}} Problems},
  volume = {27},
  number = {4},
  journal = {Journal of Regional Science},
  author = {M{\"o}hr, Malte and Crown, William H. and Polenske, Karen R.},
  year = {1987},
  pages = {587--603},
  file = {/home/simon/.mozilla/firefox/p9s2akbd.default/zotero/storage/2X934F9T/Möhr et al. - 1987 - A linear programming approach to solving infeasibl;/home/simon/.mozilla/firefox/p9s2akbd.default/zotero/storage/25FA2K5X/publications.html}
}

@article{temurshoev2011projection,
  title = {Projection of Supply and Use Tables: Methods and Their Empirical Assessment},
  volume = {23},
  shorttitle = {Projection of Supply and Use Tables},
  number = {1},
  journal = {Economic Systems Research},
  author = {Temurshoev, Umed and Webb, Colin and Yamano, Norihiko},
  year = {2011},
  pages = {91--123},
  file = {/home/simon/.mozilla/firefox/p9s2akbd.default/zotero/storage/QPUW6USG/Temurshoev et al. - 2011 - Projection of supply and use tables methods and t.pdf;/home/simon/.mozilla/firefox/p9s2akbd.default/zotero/storage/BEX6KYSC/09535314.2010.html}
}

@article{kitzes2013introduction,
  title = {An Introduction to Environmentally-Extended Input-Output Analysis},
  volume = {2},
  number = {4},
  journal = {Resources},
  author = {Kitzes, Justin},
  year = {2013},
  pages = {489--503},
  file = {/home/simon/.mozilla/firefox/p9s2akbd.default/zotero/storage/52MSN34M/htm.html;/home/simon/.mozilla/firefox/p9s2akbd.default/zotero/storage/KJXRBR3K/htm.html}
}

@article{2018american,
  title = {The {{American Heritage Science Dictionary}}},
  month = mar,
  year = {2018}
}

@article{jalili2000exogenous,
  title = {Exogenous Information and Input-Output Updating: {{An}} Evaluation},
  volume = {6},
  shorttitle = {Exogenous Information and Input-Output Updating},
  number = {1},
  journal = {International Advances in Economic Research},
  author = {Jalili, Ali Reza},
  year = {2000},
  pages = {50--66},
  file = {/home/simon/.mozilla/firefox/p9s2akbd.default/zotero/storage/3IYCHQ95/Jalili - 2000 - Exogenous information and input-output updating A.pdf;/home/simon/.mozilla/firefox/p9s2akbd.default/zotero/storage/Y6RKNW7F/BF02295751.html}
}

@article{statistischesbundesamt2017volkswirtschaftliche,
  title = {Volkswirtschaftliche {{Gesamtrechnungen}} - {{Input}}-{{Output}}-{{Rechnung}}},
  number = {Fachserie 18 Reihe 2},
  author = {Statistisches Bundesamt},
  month = aug,
  year = {2017}
}

@article{gardnerjr1985forecasting,
  title = {Forecasting Trends in Time Series},
  volume = {31},
  number = {10},
  journal = {Management Science},
  author = {Gardner Jr, Everette S. and McKenzie, E. D.},
  year = {1985},
  pages = {1237--1246},
  file = {/home/simon/.mozilla/firefox/p9s2akbd.default/zotero/storage/WXKLT5FZ/Gardner Jr und McKenzie - 1985 - Forecasting trends in time series.pdf;/home/simon/.mozilla/firefox/p9s2akbd.default/zotero/storage/NESJXBNK/mnsc.31.10.html}
}

@article{just1974impacts,
  title = {Impacts of New Energy Technology Using Generalized Input-Output Analysis},
  volume = {1},
  number = {1},
  journal = {Computers \& Operations Research},
  author = {Just, James E.},
  year = {1974},
  pages = {97--109},
  file = {/home/simon/.mozilla/firefox/p9s2akbd.default/zotero/storage/QDQUG99E/Just - 1974 - Impacts of new energy technology using generalized.pdf;/home/simon/.mozilla/firefox/p9s2akbd.default/zotero/storage/A7TRJBY2/030505487490077X.html}
}

@book{proops1994lifetime,
  title = {The {{Lifetime Pollution Implications}} of {{Various Types}} of {{Electricity Generation}}: {{An Input}}-{{Output Analysis}}},
  shorttitle = {The {{Lifetime Pollution Implications}} of {{Various Types}} of {{Electricity Generation}}},
  publisher = {{University of Keele, Department of Economics}},
  author = {Proops, John LR and Gay, Philip William and Speck, Stefan and Schr{\"o}der, T.},
  year = {1994}
}

@article{meade1995impact,
  title = {The Impact of the Electric Car on the {{US}} Economy: 1998\textendash{}2005},
  volume = {7},
  shorttitle = {The Impact of the Electric Car on the {{US}} Economy},
  number = {4},
  journal = {Economic Systems Research},
  author = {Meade, Douglas S.},
  year = {1995},
  pages = {413--438},
  file = {/home/simon/.mozilla/firefox/p9s2akbd.default/zotero/storage/XHAP9SFM/Meade - 1995 - The impact of the electric car on the US economy .pdf;/home/simon/.mozilla/firefox/p9s2akbd.default/zotero/storage/ZXVTTRG8/09535319500000005.html}
}

@article{tashman2000outofsample,
  title = {Out-of-Sample Tests of Forecasting Accuracy: An Analysis and Review},
  volume = {16},
  shorttitle = {Out-of-Sample Tests of Forecasting Accuracy},
  number = {4},
  journal = {International journal of forecasting},
  author = {Tashman, Leonard J.},
  year = {2000},
  pages = {437--450},
  file = {/home/simon/.mozilla/firefox/p9s2akbd.default/zotero/storage/4SFNL6S3/Tashman - 2000 - Out-of-sample tests of forecasting accuracy an an.pdf;/home/simon/.mozilla/firefox/p9s2akbd.default/zotero/storage/3UYRQM3E/S0169207000000650.html}
}

@book{armstrong1985longrange,
  title = {Long-Range Forecasting},
  publisher = {{Wiley New York ETC.}},
  author = {Armstrong, Jon Scott},
  year = {1985},
  file = {/home/simon/.mozilla/firefox/p9s2akbd.default/zotero/storage/XP8DB8WG/Armstrong - 1985 - Long-range forecasting.pdf;/home/simon/.mozilla/firefox/p9s2akbd.default/zotero/storage/Z7QTP6ZD/Armstrong - 1985 - Long-range forecasting.pdf}
}

@article{armstrong1992error,
  title = {Error Measures for Generalizing about Forecasting Methods: {{Empirical}} Comparisons},
  volume = {8},
  shorttitle = {Error Measures for Generalizing about Forecasting Methods},
  number = {1},
  journal = {International journal of forecasting},
  author = {Armstrong, J. Scott and Collopy, Fred},
  year = {1992},
  pages = {69--80},
  file = {/home/simon/.mozilla/firefox/p9s2akbd.default/zotero/storage/URS8KVUW/Armstrong und Collopy - 1992 - Error measures for generalizing about forecasting .pdf;/home/simon/.mozilla/firefox/p9s2akbd.default/zotero/storage/D5KL2ZH6/016920709290008W.html}
}

@article{hurvich1989regression,
  title = {Regression and Time Series Model Selection in Small Samples},
  volume = {76},
  number = {2},
  journal = {Biometrika},
  author = {Hurvich, Clifford M. and Tsai, Chih-Ling},
  year = {1989},
  pages = {297--307},
  file = {/home/simon/.mozilla/firefox/p9s2akbd.default/zotero/storage/FS84E68Q/Hurvich und Tsai - 1989 - Regression and time series model selection in smal.pdf;/home/simon/.mozilla/firefox/p9s2akbd.default/zotero/storage/KGDGVZX3/265326.html}
}

@article{diebold2002comparing,
  title = {Comparing Predictive Accuracy},
  volume = {20},
  number = {1},
  journal = {Journal of Business \& economic statistics},
  author = {Diebold, Francis X. and Mariano, Robert S.},
  year = {2002},
  pages = {134--144},
  file = {/home/simon/.mozilla/firefox/p9s2akbd.default/zotero/storage/8YFN8KQ2/073500102753410444.html}
}

@article{diebold2015comparing,
  title = {Comparing Predictive Accuracy, Twenty Years Later: {{A}} Personal Perspective on the Use and Abuse of {{Diebold}}\textendash{}{{Mariano}} Tests},
  volume = {33},
  shorttitle = {Comparing Predictive Accuracy, Twenty Years Later},
  number = {1},
  journal = {Journal of Business \& Economic Statistics},
  author = {Diebold, Francis X.},
  year = {2015},
  pages = {1--1},
  file = {/home/simon/.mozilla/firefox/p9s2akbd.default/zotero/storage/CJ4Z2TUK/Diebold - 2015 - Comparing predictive accuracy, twenty years later.pdf;/home/simon/.mozilla/firefox/p9s2akbd.default/zotero/storage/YNK2W7CC/07350015.2014.html}
}

@article{hyndman2016fast,
  title = {Fast Computation of Reconciled Forecasts for Hierarchical and Grouped Time Series},
  volume = {97},
  journal = {Computational Statistics \& Data Analysis},
  author = {Hyndman, Rob J. and Lee, Alan J. and Wang, Earo},
  year = {2016},
  pages = {16--32},
  file = {/home/simon/Dokumente/Master/master_thesis/literature/Hyndman et al. - 2016 - Fast computation of reconciled forecasts for hiera.pdf;/home/simon/.mozilla/firefox/p9s2akbd.default/zotero/storage/Y3BVEZ5K/S016794731500290X.html}
}

@article{tukker2009global,
  title = {Towards a Global Multi-Regional Environmentally Extended Input\textendash{}output Database},
  volume = {68},
  number = {7},
  journal = {Ecological Economics},
  author = {Tukker, Arnold and Poliakov, Evgueni and Heijungs, Reinout and Hawkins, Troy and Neuwahl, Frederik and Rueda-Cantuche, Jos{\'e} M. and Giljum, Stefan and Moll, Stephan and Oosterhaven, Jan and Bouwmeester, Maaike},
  year = {2009},
  pages = {1928--1937},
  file = {/home/simon/.mozilla/firefox/p9s2akbd.default/zotero/storage/APH4ZUTI/Tukker et al. - 2009 - Towards a global multi-regional environmentally ex.pdf;/home/simon/.mozilla/firefox/p9s2akbd.default/zotero/storage/S4KVT2ZV/S0921800908004801.html}
}

@techreport{timmer2012world,
  title = {The World Input-Output Database ({{WIOD}}): Contents, Sources and Methods},
  shorttitle = {The World Input-Output Database ({{WIOD}})},
  institution = {{Institue for International and Development Economics}},
  author = {Timmer, Marcel and Erumban, Abdul A. and Gouma, Reitze and Los, Bart and Temurshoev, Umed and {de Vries}, Gaaitzen J. and Arto, I.-aki and Genty, Valeria Andreoni Aur{\v Z}lien and Neuwahl, Frederik and Francois, Joseph},
  year = {2012},
  file = {/home/simon/.mozilla/firefox/p9s2akbd.default/zotero/storage/A6X787BD/20120401.html}
}

@article{barrett2012linka,
  title = {Link between Climate Change Mitigation and Resource Efficiency: {{A UK}} Case Study},
  volume = {22},
  shorttitle = {Link between Climate Change Mitigation and Resource Efficiency},
  number = {1},
  journal = {Global Environmental Change},
  author = {Barrett, John and Scott, Kate},
  year = {2012},
  pages = {299--307},
  file = {/home/simon/.mozilla/firefox/p9s2akbd.default/zotero/storage/B4RUV45J/S0959378011001907.html;/home/simon/.mozilla/firefox/p9s2akbd.default/zotero/storage/PS4LY2LM/scholar.html}
}

@article{acquaye2012biofuels,
  title = {Biofuels and Their Potential to Aid the {{UK}} towards Achieving Emissions Reduction Policy Targets},
  volume = {16},
  number = {7},
  journal = {Renewable and Sustainable Energy Reviews},
  author = {Acquaye, Adolf A. and Sherwen, Tomas and Genovese, Andrea and Kuylenstierna, Johan and Koh, SC Lenny and McQueen-Mason, Simon},
  year = {2012},
  pages = {5414--5422},
  file = {/home/simon/.mozilla/firefox/p9s2akbd.default/zotero/storage/F4YBFDBU/Acquaye et al. - 2012 - Biofuels and their potential to aid the UK towards.pdf;/home/simon/.mozilla/firefox/p9s2akbd.default/zotero/storage/EEVMP6JD/S1364032112003218.html}
}

@article{wiebe2016ras,
  title = {To {{RAS}} or Not to {{RAS}}? {{What}} Is the Difference in Outcomes in Multi-Regional Input\textendash{}output Models?},
  volume = {28},
  shorttitle = {To {{RAS}} or Not to {{RAS}}?},
  number = {3},
  journal = {Economic Systems Research},
  author = {Wiebe, Kirsten S. and Lenzen, Manfred},
  year = {2016},
  pages = {383--402},
  file = {/home/simon/.mozilla/firefox/p9s2akbd.default/zotero/storage/EQBIB23C/scholar.html;/home/simon/.mozilla/firefox/p9s2akbd.default/zotero/storage/F59B6DPJ/09535314.2016.html}
}

@book{bacharach1970biproportional,
  title = {Biproportional Matrices and Input-Output Change},
  volume = {16},
  publisher = {{CUP Archive}},
  author = {Bacharach, Michael},
  year = {1970},
  file = {/home/simon/.mozilla/firefox/p9s2akbd.default/zotero/storage/R5BIUNHH/books.html}
}

@article{shang2017groupeda,
  title = {Grouped Functional Time Series Forecasting: {{An}} Application to Age-Specific Mortality Rates},
  volume = {26},
  shorttitle = {Grouped Functional Time Series Forecasting},
  number = {2},
  journal = {Journal of Computational and Graphical Statistics},
  author = {Shang, Han Lin and Hyndman, Rob J.},
  year = {2017},
  pages = {330--343},
  file = {/home/simon/.mozilla/firefox/p9s2akbd.default/zotero/storage/E4LKBVW4/Shang und Hyndman - 2017 - Grouped functional time series forecasting An app.pdf;/home/simon/.mozilla/firefox/p9s2akbd.default/zotero/storage/9GYZTFJN/10618600.2016.html}
}

@incollection{vanerven2015gametheoretically,
  title = {Game-{{Theoretically}} Optimal Reconciliation of Contemporaneous Hierarchical Time Series Forecasts},
  booktitle = {Modeling and {{Stochastic Learning}} for {{Forecasting}} in {{High Dimensions}}},
  publisher = {{Springer}},
  author = {Van Erven, Tim and Cugliari, Jairo},
  year = {2015},
  pages = {297--317},
  file = {/home/simon/.mozilla/firefox/p9s2akbd.default/zotero/storage/DQL4BX6R/Van Erven und Cugliari - 2015 - Game-Theoretically optimal reconciliation of conte.pdf;/home/simon/.mozilla/firefox/p9s2akbd.default/zotero/storage/GC2ZHXYD/978-3-319-18732-7_15.html}
}

@article{hyndman2011optimala,
  title = {Optimal Combination Forecasts for Hierarchical Time Series},
  volume = {55},
  number = {9},
  journal = {Computational Statistics \& Data Analysis},
  author = {Hyndman, Rob J. and Ahmed, Roman A. and Athanasopoulos, George and Shang, Han Lin},
  year = {2011},
  pages = {2579--2589},
  file = {/home/simon/.mozilla/firefox/p9s2akbd.default/zotero/storage/AN392VAB/Hyndman et al. - 2011 - Optimal combination forecasts for hierarchical tim.pdf;/home/simon/.mozilla/firefox/p9s2akbd.default/zotero/storage/2R4VSHUB/S0167947311000971.html}
}

@article{kostenko2008forecasting,
  title = {Forecasting without {{Significance Test}}},
  journal = {manuscript, Monash University, Australia},
  author = {Kostenko, Andrey V. and Hyndman, Rob J.},
  year = {2008},
  file = {/home/simon/.mozilla/firefox/p9s2akbd.default/zotero/storage/HKK2N7IX/Kostenko und Hyndman - 2008 - Forecasting without Significance Test.pdf;/home/simon/.mozilla/firefox/p9s2akbd.default/zotero/storage/ZZIJZJK3/Kostenko und Hyndman - 2008 - Forecasting without Significance Test.pdf}
}

@book{wiedmann2009carbon,
  title = {Carbon Footprint and Input\textendash{}output Analysis\textendash{}an Introduction},
  publisher = {{Taylor \& Francis}},
  author = {Wiedmann, Thomas},
  year = {2009},
  file = {/home/simon/Dokumente/Master/master_thesis/literature/Wiedmann - 2009 - Carbon footprint and input–output analysis–an intr.pdf;/home/simon/.mozilla/firefox/p9s2akbd.default/zotero/storage/6CJ6W5A9/scholar.html;/home/simon/.mozilla/firefox/p9s2akbd.default/zotero/storage/96T636X2/09535310903541256.html}
}

@article{ranganathan2004greenhouse,
  title = {The Greenhouse Gas Protocol: A Corporate Accounting and Reporting Standard (Revised Edition)},
  shorttitle = {The Greenhouse Gas Protocol},
  journal = {Washington, DC: World Resources Institute and World Business Council for Sustainable Development},
  author = {Ranganathan, Janet and Corbier, Laurent and Bhatia, P. and Schmitz, Simon and Gage, Peter and Oren, Kjell},
  year = {2004}
}

@book{rcoreteam2014language,
  title = {R: {{A}} Language and Environment for Statistical Computing. {{R Foundation}} for {{Statistical Computing}}, {{Vienna}}, {{Austria}}. 2013},
  shorttitle = {R},
  publisher = {{ISBN 3-900051-07-0}},
  author = {R Core Team},
  year = {2014}
}

@article{hyndman2017package,
  title = {Package `Forecast'},
  journal = {Online] https://cran. r-project. org/web/packages/forecast/forecast. pdf},
  author = {Hyndman, Rob J. and O'Hara-Wild, Mitchell and Bergmeir, Christoph and Razbash, Slava and Wang, Earo and Hyndman, Maintainer Rob},
  year = {2017}
}

@article{hyndman2018package,
  title = {Package `Hts'},
  author = {Hyndman, Rob J. and Lee, Alan and Wang, Earo and Wickramasuriya, Shanika and Wang, Maintainer Earo},
  year = {2018}
}

@book{tenraa2006economics,
  title = {The Economics of Input-Output Analysis},
  publisher = {{Cambridge University Press}},
  author = {Ten Raa, Thijs},
  year = {2006},
  file = {/home/simon/.mozilla/firefox/p9s2akbd.default/zotero/storage/GS54ALKC/Ten Raa - 2006 - The economics of input-output analysis.pdf;/home/simon/.mozilla/firefox/p9s2akbd.default/zotero/storage/9YBJSNLE/books.html}
}

@article{leontief1970environmental,
  title = {Environmental Repercussions and the Economic Structure: An Input-Output Approach},
  shorttitle = {Environmental Repercussions and the Economic Structure},
  journal = {The review of economics and statistics},
  author = {Leontief, Wassily},
  year = {1970},
  pages = {262--271},
  file = {/home/simon/.mozilla/firefox/p9s2akbd.default/zotero/storage/IRZMAPQ9/1926294.html}
}

@article{sanchez-choliz2004co2,
  title = {{{CO2}} Emissions Embodied in International Trade: Evidence for {{Spain}}},
  volume = {32},
  shorttitle = {{{CO2}} Emissions Embodied in International Trade},
  number = {18},
  journal = {Energy Policy},
  author = {S{\'a}nchez-Ch{\'o}liz, Julio and Duarte, Rosa},
  year = {2004},
  pages = {1999--2005},
  file = {/home/simon/.mozilla/firefox/p9s2akbd.default/zotero/storage/7PPM74PI/S030142150300199X.html}
}

@article{peters2006pollution,
  title = {Pollution Embodied in Trade: {{The Norwegian}} Case},
  volume = {16},
  shorttitle = {Pollution Embodied in Trade},
  number = {4},
  journal = {Global Environmental Change},
  author = {Peters, Glen P. and Hertwich, Edgar G.},
  year = {2006},
  pages = {379--387},
  file = {/home/simon/.mozilla/firefox/p9s2akbd.default/zotero/storage/T5KP6TYP/S0959378006000252.html}
}


