@article{melesse2003spatially,
  title={Spatially Distributed Watershed Mapping and Modeling: GIS-based Storm Runoff and Hydrograph Analysis:(part 2)},
  author={Melesse, Assefa M and Graham, Wendy D and Jordan, Jonathan D},
  journal={Journal of Spatial Hydrology},
  volume={3},
  number={2},
  year={2003}
}

@article{melesse2007remote,
  title={Remote sensing sensors and applications in environmental resources mapping and modelling},
  author={Melesse, Assefa M and Weng, Qihao and Thenkabail, Prasad S and Senay, Gabriel B},
  journal={Sensors},
  volume={7},
  number={12},
  pages={3209--3241},
  year={2007},
  publisher={Molecular Diversity Preservation International}
}

@article{wu2000global,
  title={The global and local dimensions of place-making: remaking Shanghai as a world city},
  author={Wu, Fulong},
  journal={Urban Studies},
  volume={37},
  number={8},
  pages={1359--1377},
  year={2000},
  publisher={Sage Publications Sage UK: London, England}
}

@article{bogh2004incorporating,
  title={Incorporating remote sensing data in physically based distributed agro-hydrological modelling},
  author={B{\o}gh, Eva and Thorsen, Mette and Butts, MB and Hansen, S{\o}ren and Christiansen, JS and Abrahamsen, Per and Hasager, CB and Jensen, Niels Otto and van der Keur, Peter and Refsgaard, Jens Christian and others},
  journal={Journal of Hydrology},
  volume={287},
  number={1-4},
  pages={279--299},
  year={2004},
  publisher={Elsevier}
}

@article{melesse2005estimation,
  title={Estimation of spatially distributed surface energy fluxes using remotely-sensed data for agricultural fields},
  author={Melesse, Assefa M and Nangia, Vijay},
  journal={Hydrological processes},
  volume={19},
  number={14},
  pages={2653--2670},
  year={2005},
  publisher={Wiley Online Library}
}

@article{carlson2000impact,
  title={The impact of land useâ€”land cover changes due to urbanization on surface microclimate and hydrology: a satellite perspective},
  author={Carlson, Toby N and Arthur, S Traci},
  journal={Global and planetary change},
  volume={25},
  number={1-2},
  pages={49--65},
  year={2000},
  publisher={Elsevier}
}

@article{rhee2010monitoring,
  title={Monitoring agricultural drought for arid and humid regions using multi-sensor remote sensing data},
  author={Rhee, Jinyoung and Im, Jungho and Carbone, Gregory J},
  journal={Remote Sensing of Environment},
  volume={114},
  number={12},
  pages={2875--2887},
  year={2010},
  publisher={Elsevier}
}

@inproceedings{salomonson2002overview,
  title={An overview of the Earth Observing System MODIS instrument and associated data systems performance},
  author={Salomonson, Vincent V and Barnes, William and Xiong, Jack and Kempler, Steve and Masuoka, Ed},
  booktitle={Geoscience and Remote Sensing Symposium, 2002. IGARSS'02. 2002 IEEE International},
  volume={2},
  pages={1174--1176},
  year={2002},
  organization={IEEE}
}

@misc{butler2014earth,
  title={Earth observation enters next phase},
  author={Butler, Declan and others},
  year={2014},
  publisher={Macmillan Publishers Ltd., London, England}
}


@article{homer2007completion,
  title={Completion of the 2001 national land cover database for the counterminous United States},
  author={Homer, Collin and Dewitz, Jon and Fry, Joyce and Coan, Michael and Hossain, Nazmul and Larson, Charles and Herold, Nate and McKerrow, Alexa and VanDriel, J Nick and Wickham, James and others},
  journal={Photogrammetric engineering and remote sensing},
  volume={73},
  number={4},
  pages={337},
  year={2007},
  publisher={ASPRS AMERICAN SOCIETY FOR PHOTOGRAMMETRY AND}
}

@article{johnson20102009,
  title={The 2009 Cropland Data Layer.},
  author={Johnson, Dave M and Mueller, Richard and others},
  journal={PE\&RS, Photogrammetric Engineering \& Remote Sensing},
  volume={76},
  number={11},
  pages={1201--1205},
  year={2010},
  publisher={American Society for Photogrammetry and Remote Sensing}
}

@article{tatem2017worldpop,
  title={WorldPop, open data for spatial demography.},
  author={Tatem, Andrew J},
  journal={Scientific data},
  volume={4},
  pages={170004--170004},
  year={2017},
  publisher={Nature Publishing Group}
}

@article{gorelick2017google,
  title={Google Earth Engine: Planetary-scale geospatial analysis for everyone},
  author={Gorelick, Noel and Hancher, Matt and Dixon, Mike and Ilyushchenko, Simon and Thau, David and Moore, Rebecca},
  journal={Remote Sensing of Environment},
  volume={202},
  pages={18--27},
  year={2017},
  publisher={Elsevier}
}

@article{schell2000geodata,
  title={Geodata Interoperability--A key NII Requirement},
  author={Schell, D and McKee, L and Buehler, K},
  journal={White Paper submitted to the NII},
  year={2000}
}

@inproceedings{iosifescu2011geovite,
  title={Geovite-a Service-Driven Solution for an on-Demand, User-Friendly Web Access to Geodata},
  author={Iosifescu, Cristina and Iosifescu, Ionut and Jenny, Helen and Hurni, Lorenz},
  booktitle={Proceedings of the 25th International Cartographic Conference, Paris, France},
  year={2011}
}







