@article{wu2000global,
  title={The global and local dimensions of place-making: remaking Shanghai as a world city},
  author={Wu, Fulong},
  journal={Urban Studies},
  volume={37},
  number={8},
  pages={1359--1377},
  year={2000},
  publisher={Sage Publications Sage UK: London, England}
}

